<record><leader>00000cas a22000007a 4500</leader><controlfield tag="001">10961560</controlfield><controlfield tag="008">840718d18421843meuwr ne      0    0eng d</controlfield><datafield ind1=" " ind2=" " tag="010"><subfield code="a">sn 84027245 </subfield></datafield><datafield ind1=" " ind2=" " tag="040"><subfield code="a">NPU</subfield><subfield code="b">eng</subfield><subfield code="c">NPU</subfield><subfield code="d">NYS</subfield><subfield code="d">YOX</subfield><subfield code="d">MGN</subfield><subfield code="d">MBN</subfield><subfield code="d">OCL</subfield><subfield code="d">GUA</subfield><subfield code="d">KRTAS</subfield><subfield code="d">OCLCF</subfield><subfield code="d">OCLCO</subfield></datafield><datafield ind1="1" ind2=" " tag="029"><subfield code="a">AU@</subfield><subfield code="b">000020120973</subfield></datafield><datafield ind1=" " ind2=" " tag="042"><subfield code="a">msc</subfield></datafield><datafield ind1="0" ind2="0" tag="245"><subfield code="a">Maine farmer and mechanic's advocate.</subfield></datafield><datafield ind1=" " ind2=" " tag="260"><subfield code="a">Winthrop, Me. :</subfield><subfield code="b">William Noyes,</subfield><subfield code="c">1842-1843.</subfield></datafield><datafield ind1=" " ind2=" " tag="300"><subfield code="a">v. :</subfield><subfield code="b">ill. ;</subfield><subfield code="c">60 cm.</subfield></datafield><datafield ind1=" " ind2=" " tag="310"><subfield code="a">Weekly</subfield></datafield><datafield ind1="0" ind2=" " tag="362"><subfield code="a">New ser., v. 1, no. 1 (Jan. 15, 1842)-n.s., v. 2, no. 52 (Dec. 30, 1843) = Whole no. 476-whole no. 572.</subfield></datafield><datafield ind1=" " ind2=" " tag="500"><subfield code="a">Published simultaneously at Portland and Winthrop, Mar. 11-Dec. 30, 1843.</subfield></datafield><datafield ind1=" " ind2=" " tag="500"><subfield code="a">Editor: Ezekiel Holmes.</subfield></datafield><datafield ind1=" " ind2="0" tag="651"><subfield code="a">Winthrop (Me.)</subfield><subfield code="v">Newspapers.</subfield></datafield><datafield ind1=" " ind2="0" tag="651"><subfield code="a">Portland (Me.)</subfield><subfield code="v">Newspapers.</subfield></datafield><datafield ind1=" " ind2="7" tag="655"><subfield code="a">Newspapers.</subfield><subfield code="2">fast</subfield><subfield code="0">(OCoLC)fst01423814</subfield></datafield><datafield ind1=" " ind2="7" tag="651"><subfield code="a">Maine</subfield><subfield code="z">Portland.</subfield><subfield code="2">fast</subfield><subfield code="0">(OCoLC)fst01213254</subfield></datafield><datafield ind1=" " ind2="7" tag="651"><subfield code="a">Maine</subfield><subfield code="z">Winthrop.</subfield><subfield code="2">fast</subfield><subfield code="0">(OCoLC)fst01227766</subfield></datafield><datafield ind1=" " ind2=" " tag="752"><subfield code="a">United States</subfield><subfield code="b">Maine</subfield><subfield code="c">Kennebec</subfield><subfield code="d">Winthrop.</subfield></datafield><datafield ind1=" " ind2=" " tag="752"><subfield code="a">United States</subfield><subfield code="b">Maine</subfield><subfield code="c">Cumberland</subfield><subfield code="d">Portland.</subfield></datafield><datafield ind1="0" ind2="8" tag="776"><subfield code="i">Online version:</subfield><subfield code="t">Maine farmer and mechanic's advocate (Online)</subfield><subfield code="w">(DLC)  2009233204</subfield><subfield code="w">(OCoLC)50860058</subfield></datafield><datafield ind1="0" ind2="0" tag="780"><subfield code="t">Maine farmer and journal of the useful arts</subfield><subfield code="w">(DLC)sn 84027242</subfield><subfield code="w">(OCoLC)7076040</subfield></datafield><datafield ind1="0" ind2="0" tag="785"><subfield code="t">Maine farmer</subfield><subfield code="w">(DLC)sn 89071076</subfield><subfield code="w">(OCoLC)1773959</subfield></datafield><datafield ind1="4" ind2="1" tag="856"><subfield code="u">http://proquest.umi.com/pqdweb?RQT=318&amp;VName=HNP&amp;pmid=000041786&amp;PageNum=1&amp;TS=1236097436&amp;clientId=30345</subfield></datafield><datafield ind1=" " ind2=" " tag="938"><subfield code="a">Kirtas Technologies, Inc.</subfield><subfield code="b">KRTS</subfield><subfield code="n">738628</subfield></datafield></record>